<?xml version="1.0" encoding="UTF-8"?><collection><record><leader>03901ntm a2200481 a 4500</leader><controlfield tag="001">006781926</controlfield><controlfield tag="003">MiAaHDL</controlfield><controlfield tag="005">20190719000000.0</controlfield><controlfield tag="006">m        d        </controlfield><controlfield tag="007">cr bn ---auaua</controlfield><controlfield tag="008">090518s17uu    xx            00| ||ara d</controlfield><datafield tag="035" ind1=" " ind2=" "><subfield code="a">(MiU)006781926</subfield></datafield><datafield tag="035" ind1=" " ind2=" "><subfield code="a">sdr-miu006781926</subfield></datafield><datafield tag="040" ind1=" " ind2=" "><subfield code="a">MiU</subfield><subfield code="c">MiU</subfield><subfield code="e">amremm</subfield></datafield><datafield tag="043" ind1=" " ind2=" "><subfield code="a">n-us-mi</subfield></datafield><datafield tag="100" ind1="1" ind2=" "><subfield code="6">880-01</subfield><subfield code="a">Ibn Ẓafar, Muḥammad ibn ʻAbd Allāh,</subfield><subfield code="d">1104-1169.</subfield></datafield><datafield tag="245" ind1="1" ind2="0"><subfield code="6">880-03</subfield><subfield code="a">Khayr al-bishar bi-khayr al-bashar,</subfield><subfield code="f">[18th century?].</subfield></datafield><datafield tag="260" ind1=" " ind2=" "><subfield code="c">[17--?]</subfield></datafield><datafield tag="300" ind1=" " ind2=" "><subfield code="a">56 leaves ;</subfield><subfield code="c">210 x 160 (155 x 100) mm.</subfield></datafield><datafield tag="500" ind1=" " ind2=" "><subfield code="a">Shelfmark: Ann Arbor, University of Michigan, Special Collections Library, Isl. Ms. 511</subfield></datafield><datafield tag="500" ind1=" " ind2=" "><subfield code="a">Origin: Lacks dated scribal colophon ; paper suggests 18th century.</subfield></datafield><datafield tag="500" ind1=" " ind2=" "><subfield code="a">Former shelfmark: From inscription on inner front cover and spine label, "IL 114" (likely supplied by Yahuda).</subfield></datafield><datafield tag="500" ind1=" " ind2=" "><subfield code="a">Binding: Limp cover in heavy dark green paper ; oversewn in white thread ; traces of headband ; housed in envelope.</subfield></datafield><datafield tag="500" ind1=" " ind2=" "><subfield code="a">Support: European laid paper with 20 laid lines in 16 mm. (vertical) and regularly spaced chain lines (roughly 20-22 mm. apart, horizontal) ; watermarks difficult to discern but include bar with name or initials.</subfield></datafield><datafield tag="500" ind1=" " ind2=" "><subfield code="a">Decoration: Section headings and keywords rubricated ; textual dividers in the form of three dots in red ; written area surrounded by red rule-border (occasionally with additional black fillet).</subfield></datafield><datafield tag="500" ind1=" " ind2=" "><subfield code="a">Script: Naskh ; elegant Turkish hand ; partially and inconsistently seriffed, mainly on stand-alone letters and lām alif ligature but also on some alifs and lāms ; effect of slight tilt to the left ; partially vocalized.</subfield></datafield><datafield tag="500" ind1=" " ind2=" "><subfield code="a">Layout: Written in 19 lines per page ; frame-ruled (impression of ruling board evident).</subfield></datafield><datafield tag="500" ind1=" " ind2=" "><subfield code="a">Collation: 5 V(50), III (56) ; quinions with final ternion ; final two leaves left blank ; catchwords present ; pagination in pencil (supplied during cataloguing).</subfield></datafield><datafield tag="500" ind1=" " ind2=" "><subfield code="a">Explicit: "قوله كالفانج [كالفالج؟] هو البعير العظيم الذى له سنامان قال محمد عفا الله عنه إنى قد انهيت كتابي هذا الى اخره والحمد لله وحده وصلى الله على سيدنا محمد واله وصحبه وسلم تسليما كثيرا الى يوم الدين وحسبنا الله ونعم الوكيل تم تم تم"</subfield></datafield><datafield tag="500" ind1=" " ind2=" "><subfield code="a">Incipit: "قال الشيخ الامام العالم العلامة حجة الدين أبو عبد الله محمد بن ابي محمد بن محمد بن ظفر رحمه الله تعالى ورضي عنه وارضاه وبمنه وكرمه الحمد الله مولي اوليائه الرفعة والتمكين ... وسميته خير البشر بخير البشر"</subfield></datafield><datafield tag="500" ind1=" " ind2=" "><subfield code="a">Title from inscription on 'title page' (p.1) and within preface on p.5.</subfield></datafield><datafield tag="500" ind1=" " ind2=" "><subfield code="a">Ms. codex.</subfield></datafield><datafield tag="510" ind1="4" ind2=" "><subfield code="a">Ḥājjī Khalīfah. Kashf al-ẓunūn,</subfield><subfield code="c">iii 181, no.4821 [1/727]</subfield></datafield><datafield tag="510" ind1="4" ind2=" "><subfield code="a">Brockelmann, C. GAL,</subfield><subfield code="c">I, 352, no.3 ; S I 595</subfield></datafield><datafield tag="520" ind1="8" ind2=" "><subfield code="a">Clear copy of the work on predictions received by mankind on the subject of Muḥammad's prophetic mission. Description provided by Maxim Romanov.</subfield></datafield><datafield tag="538" ind1=" " ind2=" "><subfield code="a">Mode of access: Internet.</subfield></datafield><datafield tag="541" ind1=" " ind2=" "><subfield code="a">Acquired in 1926 from the bookseller Isaac Benjamin S.E. Yahuda via purchase transacted on his behalf by Abraham Shalom Yahuda (1877-1951), his younger brother.</subfield></datafield><datafield tag="546" ind1=" " ind2=" "><subfield code="a">Arabic.</subfield></datafield><datafield tag="561" ind1=" " ind2=" "><subfield code="a">Fairly clean copy ; a few marginal corrections.</subfield></datafield><datafield tag="581" ind1=" " ind2=" "><subfield code="a">Lith. Bulāq, 1280 [1863].</subfield></datafield><datafield tag="600" ind1="0" ind2="0"><subfield code="a">Muḥammad,</subfield><subfield code="c">Prophet,</subfield><subfield code="d">-632</subfield><subfield code="x">Prophetic office.</subfield></datafield><datafield tag="650" ind1=" " ind2="0"><subfield code="a">Manuscripts, Arabic</subfield><subfield code="z">Michigan</subfield><subfield code="z">Ann Arbor.</subfield></datafield><datafield tag="650" ind1=" " ind2="0"><subfield code="a">Prophecy</subfield><subfield code="v">Early works to 1800.</subfield></datafield><datafield tag="773" ind1="0" ind2=" "><subfield code="a">Yahuda Collection.</subfield></datafield><datafield tag="880" ind1="1" ind2="0"><subfield code="6">245-03/</subfield><subfield code="a">خير البشر بخير البشر,</subfield><subfield code="f">[القرن 18م؟].</subfield></datafield><datafield tag="880" ind1="1" ind2=" "><subfield code="6">100-01/</subfield><subfield code="a">ابن ظفر، محمد بن عبد الله.</subfield></datafield><datafield tag="CID" ind1=" " ind2=" "><subfield code="a">006781926</subfield></datafield><datafield tag="DAT" ind1="0" ind2=" "><subfield code="a">20190719102635.0</subfield><subfield code="b">20190719000000.0</subfield></datafield><datafield tag="DAT" ind1="1" ind2=" "><subfield code="a">20190719090653.0</subfield><subfield code="b">2019-07-19T16:11:25Z</subfield></datafield><datafield tag="DAT" ind1="2" ind2=" "><subfield code="a">2015-10-02T18:00:03Z</subfield></datafield><datafield tag="CAT" ind1=" " ind2=" "><subfield code="a">SDR-MIU</subfield><subfield code="d">EX LIBRIS - ALEPH</subfield><subfield code="l">prepare.pl-004-008</subfield></datafield><datafield tag="FMT" ind1=" " ind2=" "><subfield code="a">BK</subfield></datafield><datafield tag="HOL" ind1=" " ind2=" "><subfield code="0">sdr-miu006781926</subfield><subfield code="a">MiU</subfield><subfield code="b">SDR</subfield><subfield code="c">MIU</subfield><subfield code="p">mdp.39015079125749</subfield><subfield code="s">MIU</subfield><subfield code="1">006781926</subfield></datafield><datafield tag="974" ind1=" " ind2=" "><subfield code="b">MIU</subfield><subfield code="c">MIU</subfield><subfield code="d">20190719</subfield><subfield code="s">lit-dlps-dc</subfield><subfield code="u">mdp.39015079125749</subfield><subfield code="y">1799</subfield><subfield code="r">pd</subfield><subfield code="q">bib</subfield><subfield code="t">non-US bib date1 &lt; 1879</subfield></datafield></record></collection>